@article{pedregosa2011scikit,
  title={Scikit-learn: Machine learning in Python},
  author={Pedregosa, Fabian and Varoquaux, Gael et al.},
  journal={The Journal of Machine Learning Research},
  volume={12},
  pages={2825--2830},
  year={2011},
  publisher={JMLR. org}
},

@article{martin,
  title={Multimodal complex emotions: Gesture expressivity and blended facial expressions},
  author={Martin, Jean-Claude and Niewiadomski, Radoslaw and Devillers, Laurence and Buisine, 
  Stephanie and Pelachaud, Catherine},
  journal={International Journal of Humanoid Robotics},
  volume={3},
  number={03},
  pages={269--291},
  year={2006},
  publisher={World Scientific}
}

@inproceedings{gabel2012full,
  title={Full body gait analysis with Kinect},
  author={Gabel, Moshe and Gilad-Bachrach, Ran and Renshaw, Erin and Schuster, Assaf},
  booktitle={Engineering in Medicine and Biology Society (EMBC), 2012 Annual International Conference of the IEEE},
  pages={1964--1967},
  year={2012},
  organization={IEEE}
},

@misc{Laban,
  title={The mastery of movement},
  author={Laban, Rudolf and Ullmann, Lisa},
  year={1971},
  publisher={ERIC}
},

@inproceedings{Masuda,
  title={Motion rendering system for emotion expression of human form robots based on laban movement analysis},
  author={Masuda, Megumi and Kato, Shohei},
  booktitle={RO-MAN, 2010 IEEE},
  pages={324--329},
  year={2010},
  organization={IEEE}
},

@article{Zou,
  title={Regularization and variable selection via the elastic net},
  author={Zou, Hui and Hastie, Trevor},
  journal={Journal of the Royal Statistical Society: Series B (Statistical Methodology)},
  volume={67},
  number={2},
  pages={301--320},
  year={2005},
  publisher={Wiley Online Library}
},

@inproceedings{kim,
  title={LMA based emotional motion representation using RGB-D camera},
  author={Kim, Woo Hyun and Park, Jeong Woo and Lee, Won Hyong and Lee, Hui Sung and Chung, Myung Jin},
  booktitle={Proceedings of the 8th ACM/IEEE international conference on Human-robot interaction},
  pages={163--164},
  year={2013},
  organization={IEEE Press}
}

@article{shafir,
  title={Emotion regulation through execution, observation, and imagery of emotional movements},
  author={Shafir, Tal and Taylor, Stephan F and Atkinson, Anthony P and Langenecker, Scott A and Zubieta, Jon-Kar},
  journal={Brain and cognition},
  volume={82},
  number={2}, 
  pages={219--227},
  year={2013},
  publisher={Elsevier}
},

@inproceedings{Rett,
  title={Human-robot interface with anticipatory characteristics based on Laban Movement Analysis and Bayesian models},
  author={Rett, J{\"o}rg and Dias, Jorge},
  booktitle={Rehabilitation Robotics, 2007. ICORR 2007. IEEE 10th International Conference on},
  pages={257--268},
  year={2007},
  organization={IEEE}
},

@inproceedings{Zacharatos,
  title={Emotion Recognition for Exergames using Laban Movement Analysis},
  author={Zacharatos, Haris and Gatzoulis, Christos and Chrysanthou, Yiorgos and Aristidou, Andreas},
  booktitle={Proceedings of the Motion on Games},
  pages={39--44},
  year={2013},
  organization={ACM}
},

@misc{labanTree,
      title={http://www.laban-movement-analyses.be}
},


